@article{sistemaTaxis,
  title={Um Sistema para Gerenciamento de Servi{\c{c}}os de T{\'a}xi Utilizando Sistemas Embutidos},
  author={de Camargo Caixeta, Rodrigo Machado},
  year={2006}
}

@misc{embarcados,
        title = "O que são sistemas embarcados?",
        author={{Fábio Souza}},
        howpublished={Disponível em: \url{https://embarcados.com.br/o-que-sao-sistemas-embarcados/}. Acesso em: 17 de abril 2023},
        year="2023"
}
@misc{inove,
        title = "Onde estão os sistemas embarcados?",
        author={{Ruan Felipe de Almeida Silva}},
        howpublished={Disponível em: \url{https://inove.quixada.ufc.br/?noticia=onde-estao-os-sistemas-embarcados}. Acesso em: 17 de abril 2023},
        year="2023"
}
